@article{kim2020hybrid,
  title={Hybrid decentralized PBFT Blockchain Framework for OpenStack message queue},
  author={Kim, Youngjong and Park, Jinho},
  journal={Human-centric Computing and Information Sciences},
  volume={10},
  number={1},
  pages={31},
  year={2020},
  publisher={Springer}
}

@article{Ghaemi2021,
  author = {Ghaemi, S. and others},
  title = {A pub-sub architecture to promote blockchain interoperability},
  journal = {arXiv preprint arXiv:2101.12331},
  year = {2021}
}

@inbook{Gupta2022,
  author = {Gupta, S. and Yadav, B. and Gupta, B.},
  title = {Security of IoT-based e-healthcare applications using blockchain},
  booktitle = {Advances in Blockchain Technology for Cyber Physical Systems},
  year = {2022},
  publisher = {Springer International Publishing},
  address = {Cham},
  pages = {79-107}
}

@article{Wang2024,
  author = {Wang, S. and others},
  title = {BBS: A secure and autonomous blockchain-based big-data sharing system},
  journal = {Journal of Systems Architecture},
  year = {2024},
  volume = {150},
  pages = {103133}
}

@article{Jia2023,
  author = {Jia, X. and others},
  title = {Cross-organisational data sharing framework based on blockchain-probes},
  journal = {IET Networks},
  year = {2023},
  volume = {12},
  number = {2},
  pages = {77-85}
}

@article{Peng2023,
  author = {Peng, S. and others},
  title = {A peer-to-peer file storage and sharing system based on consortium blockchain},
  journal = {Future Generation Computer Systems},
  year = {2023},
  volume = {141},
  pages = {197-204}
}

@article{Lin2023,
  author = {Lin, H. Y.},
  title = {Secure Data Transfer Based on a Multi-Level Blockchain for Internet of Vehicles},
  journal = {Sensors},
  year = {2023},
  volume = {23},
  number = {5},
  pages = {2664}
}

@article{Bogdanov2024,
  author = {Bogdanov, A. and others},
  title = {Combining PBFT and Raft for Scalable and Fault-Tolerant Distributed Consensus},
  journal = {Physics of Particles and Nuclei},
  year = {2024},
  volume = {55},
  number = {3},
  pages = {418-420}
}

@inbook{Bagga2022,
  author = {Bagga, P. and Das, A. K.},
  title = {Blockchain for Smart Transport Applications},
  booktitle = {Advances in Blockchain Technology for Cyber Physical Systems},
  year = {2022},
  publisher = {Springer International Publishing},
  address = {Cham},
  pages = {125-154}
}

@inproceedings{Priyadarshini2021,
  author = {Priyadarshini, R. and Malarvizhi, N.},
  title = {Secured data transfer between fog nodes using blockchain},
  booktitle = {Proceedings of the 2nd International Conference on Computational and Bio Engineering: CBE 2020},
  year = {2021},
  publisher = {Springer Singapore},
  pages = {417-422}
}

@article{Bagga2021,
  author = {Bagga, P. and others},
  title = {Blockchain-based batch authentication protocol for Internet of Vehicles},
  journal = {Journal of Systems Architecture},
  year = {2021},
  volume = {113},
  pages = {101877}
}

@article{WangYY2021,
  author = {Wang, Y. Y. and Huang, S. and Yu, X.},
  title = {An oil and gas big data sharing model based on blockchain technology},
  journal = {IOP Conference Series: Earth and Environmental Science},
  year = {2021},
  publisher = {IOP Publishing},
  volume = {651},
  number = {3},
  pages = {032105}
}

@article{Yang2022,
  author = {Yang, H. and others},
  title = {A Research on the Sharing Platform of Wild Bird Data in Yunnan Province Based on Blockchain and Interstellar File System},
  journal = {Sensors},
  year = {2022},
  volume = {22},
  number = {18},
  pages = {6961}
}

@article{Xu2021,
  author = {Xu, Z. and others},
  title = {A blockchain-based roadside unit-assisted authentication and key agreement protocol for internet of vehicles},
  journal = {Journal of Parallel and Distributed Computing},
  year = {2021},
  volume = {149},
  pages = {29-39}
}

@article{Song2023,
  author = {Song, R. and others},
  title = {A survey of blockchain-based schemes for data sharing and exchange},
  journal = {IEEE Transactions on Big Data},
  year = {2023}
}

@article{Lin2020,
  author = {Lin, C. and others},
  title = {BCPPA: A blockchain-based conditional privacy-preserving authentication protocol for vehicular ad hoc networks},
  journal = {IEEE Transactions on Intelligent Transportation Systems},
  year = {2020},
  volume = {22},
  number = {12},
  pages = {7408-7420}
}

@article{Ai2022,
  author = {Ai, Z. and Cui, W.},
  title = {A proof-of-transactions blockchain consensus protocol for large-scale IoT},
  journal = {IEEE Internet of Things Journal},
  year = {2022},
  doi = {10.1109/JIOT.2021.3108621}
}

@article{Fan2020,
  title={Performance evaluation of blockchain systems: A systematic survey},
  author={Fan, C. and others},
  journal={IEEE Access},
  volume={8},
  pages={126927-126950},
  year={2020}
}

@article{Ke2023,
  title={Performance modeling and analysis of Hyperledger Fabric},
  author={Ke, Z. and Park, N.},
  journal={Cluster Computing},
  volume={26},
  number={5},
  pages={2681-2699},
  year={2023}
}

@inproceedings{barger2021byzantine,
  author = {Barger, A. and others},
  title = {A Byzantine Fault-Tolerant Consensus Library for Hyperledger Fabric},
  booktitle = {2021 IEEE International Conference on Blockchain and Cryptocurrency (ICBC)},
  pages = {1-9},
  year = {2021},
  organization = {IEEE}
}

@misc{apachekafka,
  author = {Apache Software Foundation},
  title = {Apache Kafka Documentation},
  howpublished = {\url{https://kafka.apache.org/documentation/}},
  note = {Accessed: 2025-03-09},
  year = {n.d.}
}

@article{ongaro2015raft,
  title={The raft consensus algorithm},
  author={Ongaro, Diego and Ousterhout, John},
  journal={Lecture Notes CS},
  volume={190},
  pages={2022},
  year={2015}
}

@article{Demertzis2020,
  title={Anomaly detection via blockchained deep learning smart contracts in industry 4.0},
  author={Demertzis, Konstantinos and Iliadis, Lazaros and Tziritas, Nikos and Kikiras, Panagiotis},
  journal={Neural Computing and Applications},
  volume={32},
  number={23},
  pages={17361--17378},
  year={2020},
  publisher={Springer}
}

@article{Singh2024,
  title={Optimizing demand response and load balancing in smart EV charging networks using AI integrated blockchain framework},
  author={Singh, Arvind R and Kumar, R Seshu and Madhavi, K Reddy and Alsaif, Faisal and Bajaj, Mohit and Zaitsev, Ievgen},
  journal={Scientific Reports},
  volume={14},
  number={1},
  pages={31768},
  year={2024},
  publisher={Nature Publishing Group UK London}
}

@article{Tsang2024,
  title={On-chain and off-chain data management for blockchain-internet of things: a multi-agent deep reinforcement learning approach},
  author={Tsang, Yung Po and Lee, Carman Ka Man and Zhang, Kening and Wu, Chun-Ho and Ip, WH},
  journal={Journal of Grid Computing},
  volume={22},
  number={1},
  pages={16},
  year={2024},
  publisher={Springer}
}